[gd_scene load_steps=8 format=2]

[ext_resource path="res://Source/Text.gd" type="Script" id=1]
[ext_resource path="res://Source/Styles/ChalkboardBg.stylebox" type="StyleBox" id=2]
[ext_resource path="res://Source/Styles/CardTextUI.stylebox" type="StyleBox" id=3]
[ext_resource path="res://Assets/NunitoSemiBold.ttf" type="DynamicFontData" id=4]
[ext_resource path="res://Source/BlinkTextEffect.gd" type="Script" id=5]

[sub_resource type="DynamicFont" id=1]
size = 24
use_filter = true
font_data = ExtResource( 4 )

[sub_resource type="RichTextEffect" id=2]
script = ExtResource( 5 )

[node name="UI" type="CanvasLayer"]

[node name="Bg" type="Panel" parent="."]
anchor_right = 1.0
anchor_bottom = 1.0
custom_styles/panel = ExtResource( 2 )

[node name="Card" type="Control" parent="."]
anchor_left = 0.5
anchor_top = 0.5
anchor_right = 0.5
anchor_bottom = 0.5
margin_left = -256.0
margin_top = -150.0
margin_right = 256.0
margin_bottom = 150.0
rect_min_size = Vector2( 512, 300 )

[node name="Bg" type="Panel" parent="Card"]
anchor_right = 1.0
anchor_bottom = 1.0
custom_styles/panel = ExtResource( 3 )

[node name="Margin" type="MarginContainer" parent="Card"]
anchor_right = 1.0
anchor_bottom = 1.0
margin_left = 16.0
margin_top = 16.0
margin_right = -16.0
margin_bottom = -16.0

[node name="Text" type="RichTextLabel" parent="Card/Margin"]
margin_right = 480.0
margin_bottom = 268.0
custom_colors/default_color = Color( 0, 0, 0, 0.498039 )
custom_fonts/normal_font = SubResource( 1 )
text = "To see the Cursor, start typing..."
scroll_following = true
custom_effects = [ SubResource( 2 ) ]
script = ExtResource( 1 )
__meta__ = {
"_editor_description_": ""
}
